@misc{project,
    title = {Programming Languages Second Project},
    url = {https://github.com/Johanx22x/PL-FirstProject},
    publisher = {GitHub},
    author = {Johanx22x and zSnails}
}
